<record>
  <datafield ind1="" ind2="" tag="245">
    <subfield code="b">An energy-constrained smallest fragment size</subfield>
    <subfield code="a">A dearth of small particles in debris disks</subfield>
  </datafield>
  <datafield ind1="" ind2="" tag="500">
    <subfield code="a">Appendices are available in electronic form at http://www.aanda.org</subfield>
  </datafield>
  <datafield ind1="1" ind2="7" tag="650">
    <subfield code="2">EDPSciences</subfield>
    <subfield code="a">dust, extinction</subfield>
  </datafield>
  <datafield ind1="1" ind2="7" tag="650">
    <subfield code="2">EDPSciences</subfield>
    <subfield code="a">ISM: abundances</subfield>
  </datafield>
  <datafield ind1="1" ind2="" tag="653">
    <subfield code="a">dust, extinction</subfield>
    <subfield code="9">author</subfield>
  </datafield>
  <datafield ind1="1" ind2="" tag="653">
    <subfield code="a">ISM: abundances</subfield>
    <subfield code="9">author</subfield>
  </datafield>
  <datafield ind1="1" ind2="7" tag="650">
    <subfield code="2">INSPIRE</subfield>
    <subfield code="a">Astrophysics</subfield>
  </datafield>
  <datafield ind1="" ind2="" tag="260">
    <subfield code="c">2014-05-23</subfield>
    <subfield code="t">published</subfield>
  </datafield>
  <datafield ind1="7" ind2="" tag="024">
    <subfield code="a">10.1051/0004-6361/201423985</subfield>
    <subfield code="2">DOI</subfield>
  </datafield>
  <datafield ind1="" ind2="" tag="520">
    <subfield code="a"><p><italic>Context:<br/> </italic>The depletion of iron and sulphur into dust in the interstellar medium and the exact nature of interstellar amorphous silicate grains is still an open question.</p><p><italic><br/>Aims:<br/> </italic>We study the incorporation of iron and sulphur into amorphous silicates of olivine- and pyroxene-types and their effects on the dust spectroscopy and thermal emission.</p><p><italic><br/>Methods:<br/> </italic>We used the Maxwell-Garnett effective-medium theory to construct the optical constants for a mixture of silicates, metallic iron, and iron sulphide. We also studied the effects of iron and iron sulphide in aggregate grains.</p><p><italic><br/>Results:<br/> </italic>Iron sulphide inclusions within amorphous silicates that contain iron metal inclusions show no strong differences in the optical properties of the grains. A mix of amorphous olivine- and pyroxene-type silicate broadens the silicate features. An amorphous carbon mantle with a thickness of 10 nm on the silicate grains leads to an increase in absorption on the short-wavelength side of the 10 <inline-formula specific-use="simple-math"><italic>μ</italic></inline-formula>m silicate band.</p><p><italic>Conclusions. </italic>The assumption of amorphous olivine-type and pyroxene-type silicates and a 10 nm thick amorphous carbon mantle better matches the interstellar silicate band profiles. Including iron nano-particles leads to an increase in the mid-IR extinction, while up to 5 ppm of sulphur can be incorporated as Fe/FeS nano inclusions into silicate grains without leaving a significant trace of its presence.</p></subfield>
    <subfield code="9">EDPSciences</subfield>
  </datafield>
  <datafield ind1="" ind2="" tag="540">
    <subfield code="a">Creative Commons Attribution License 2.0</subfield>
    <subfield code="u">http://creativecommons.org/licenses/by/2.0/</subfield>
  </datafield>
  <datafield ind1="" ind2="" tag="300">
    <subfield code="a">4</subfield>
  </datafield>
  <datafield ind1="" ind2="" tag="542">
    <subfield code="d">ESO</subfield>
    <subfield code="g">2014</subfield>
    <subfield code="e">Article</subfield>
  </datafield>
  <datafield ind1="" ind2="" tag="773">
    <subfield code="p">Astron.Astrophys.</subfield>
    <subfield code="v">565</subfield>
    <subfield code="c">L9</subfield>
    <subfield code="y">2014</subfield>
  </datafield>
  <datafield ind1="" ind2="" tag="980">
    <subfield code="a">HEP</subfield>
  </datafield>
  <datafield ind1="C" ind2="5" tag="999">
    <subfield code="o">1</subfield>
    <subfield code="h">Bohren, C., &amp; Huffman, D.</subfield>
    <subfield code="m">1983, Absorption and Scattering of Light by Small Particles (New York: and Sons)</subfield>
    <subfield code="p">Wiley</subfield>
    <subfield code="9">refextract</subfield>
    <subfield code="d">other</subfield>
    <subfield code="m">Bohren, C., &amp; Huffman, D. 1983, Absorption and Scattering of Light by Small Particles (New York: Wiley and Sons)</subfield>
  </datafield>
  <datafield ind1="C" ind2="5" tag="999">
    <subfield code="o">2</subfield>
    <subfield code="d">journal</subfield>
    <subfield code="h">Bradley, J.P.</subfield>
    <subfield code="y">1994</subfield>
    <subfield code="s">Science,265,925</subfield>
  </datafield>
  <datafield ind1="C" ind2="5" tag="999">
    <subfield code="o">3</subfield>
    <subfield code="d">journal</subfield>
    <subfield code="h">Caselli, P.</subfield>
    <subfield code="h">Hasegawa, T.I.</subfield>
    <subfield code="h">Herbst, E.</subfield>
    <subfield code="y">1994</subfield>
    <subfield code="s">Astrophys.J.,421,206</subfield>
  </datafield>
  <datafield ind1="C" ind2="5" tag="999">
    <subfield code="o">4</subfield>
    <subfield code="d">journal</subfield>
    <subfield code="h">Chiar, J.E.</subfield>
    <subfield code="h">Tielens, A.G.G.M.</subfield>
    <subfield code="y">2006</subfield>
    <subfield code="s">Astrophys.J.,637,774</subfield>
  </datafield>
  <datafield ind1="C" ind2="5" tag="999">
    <subfield code="o">5</subfield>
    <subfield code="d">journal</subfield>
    <subfield code="h">Compiègne, M.</subfield>
    <subfield code="h">Verstraete, L.</subfield>
    <subfield code="h">Jones, A.</subfield>
    <subfield code="y">2011</subfield>
    <subfield code="s">Astron.Astrophys.,525,A103</subfield>
  </datafield>
  <datafield ind1="C" ind2="5" tag="999">
    <subfield code="o">6</subfield>
    <subfield code="d">journal</subfield>
    <subfield code="h">Costantini, E.</subfield>
    <subfield code="h">Freyberg, M.J.</subfield>
    <subfield code="h">Predehl, P.</subfield>
    <subfield code="y">2005</subfield>
    <subfield code="s">Astron.Astrophys.,444,187</subfield>
  </datafield>
  <datafield ind1="C" ind2="5" tag="999">
    <subfield code="o">7</subfield>
    <subfield code="d">journal</subfield>
    <subfield code="h">Davoisne, C.</subfield>
    <subfield code="h">Djouadi, Z.</subfield>
    <subfield code="h">Leroux, H.</subfield>
    <subfield code="y">2006</subfield>
    <subfield code="s">Astron.Astrophys.,448,L1</subfield>
  </datafield>
  <datafield ind1="C" ind2="5" tag="999">
    <subfield code="o">8</subfield>
    <subfield code="d">journal</subfield>
    <subfield code="h">Demyk, K.</subfield>
    <subfield code="h">Carrez, P.</subfield>
    <subfield code="h">Leroux, H.</subfield>
    <subfield code="y">2001</subfield>
    <subfield code="s">Astron.Astrophys.,368,L38</subfield>
  </datafield>
  <datafield ind1="C" ind2="5" tag="999">
    <subfield code="o">9</subfield>
    <subfield code="d">journal</subfield>
    <subfield code="h">Djouadi, Z.</subfield>
    <subfield code="h">Gattacceca, J.</subfield>
    <subfield code="h">D’Hendecourt, L.</subfield>
    <subfield code="y">2007</subfield>
    <subfield code="s">Astron.Astrophys.,468,L9</subfield>
  </datafield>
  <datafield ind1="C" ind2="5" tag="999">
    <subfield code="o">10</subfield>
    <subfield code="d">journal</subfield>
    <subfield code="h">Draine, B.</subfield>
    <subfield code="y">1988</subfield>
    <subfield code="s">Astrophys.J.,333,848</subfield>
  </datafield>
  <datafield ind1="C" ind2="5" tag="999">
    <subfield code="o">11</subfield>
    <subfield code="h">Draine, B. T., &amp; Flatau, P. J.</subfield>
    <subfield code="m">2010, unpublished</subfield>
    <subfield code="r">arXiv:1002.1505</subfield>
    <subfield code="9">refextract</subfield>
    <subfield code="d">other</subfield>
    <subfield code="m">Draine, B. T., &amp; Flatau, P. J. 2010, unpublished [ arXiv:1002.1505 ]</subfield>
    <subfield code="u">arXiv:1002.1505</subfield>
  </datafield>
  <datafield ind1="C" ind2="5" tag="999">
    <subfield code="o">12</subfield>
    <subfield code="d">journal</subfield>
    <subfield code="h">Jenkins, E.B.</subfield>
    <subfield code="y">2009</subfield>
    <subfield code="s">Astrophys.J.,700,1299</subfield>
  </datafield>
  <datafield ind1="C" ind2="5" tag="999">
    <subfield code="o">13</subfield>
    <subfield code="d">journal</subfield>
    <subfield code="h">Jones, A.P.</subfield>
    <subfield code="y">2000</subfield>
    <subfield code="s">J.Geophys.Res.,105,10257</subfield>
  </datafield>
  <datafield ind1="C" ind2="5" tag="999">
    <subfield code="o">14</subfield>
    <subfield code="d">journal</subfield>
    <subfield code="h">Jones, A.P.</subfield>
    <subfield code="y">2011</subfield>
    <subfield code="s">Astron.Astrophys.,528,A98</subfield>
  </datafield>
  <datafield ind1="C" ind2="5" tag="999">
    <subfield code="o">15</subfield>
    <subfield code="d">journal</subfield>
    <subfield code="h">Jones, R.V.</subfield>
    <subfield code="h">Spitzer, L.</subfield>
    <subfield code="y">1967</subfield>
    <subfield code="s">Astrophys.J.,147,943</subfield>
  </datafield>
  <datafield ind1="C" ind2="5" tag="999">
    <subfield code="o">16</subfield>
    <subfield code="d">journal</subfield>
    <subfield code="h">Jones, A.P.</subfield>
    <subfield code="h">Fanciullo, L.</subfield>
    <subfield code="h">Köhler, M.</subfield>
    <subfield code="y">2013</subfield>
    <subfield code="s">Astron.Astrophys.,558,A62</subfield>
  </datafield>
  <datafield ind1="C" ind2="5" tag="999">
    <subfield code="o">17</subfield>
    <subfield code="d">journal</subfield>
    <subfield code="h">Joseph, C.L.</subfield>
    <subfield code="h">Snow, T.P.</subfield>
    <subfield code="h">Seab, C.G.</subfield>
    <subfield code="h">Crutcher, R.M.</subfield>
    <subfield code="y">1986</subfield>
    <subfield code="s">Astrophys.J.,309,771</subfield>
  </datafield>
  <datafield ind1="C" ind2="5" tag="999">
    <subfield code="o">18</subfield>
    <subfield code="d">journal</subfield>
    <subfield code="h">Keller, L.P.</subfield>
    <subfield code="h">Hony, S.</subfield>
    <subfield code="h">Bradley, J.P.</subfield>
    <subfield code="y">2002</subfield>
    <subfield code="s">Nature,417,148</subfield>
  </datafield>
  <datafield ind1="C" ind2="5" tag="999">
    <subfield code="o">19</subfield>
    <subfield code="d">journal</subfield>
    <subfield code="h">Leroux, H.</subfield>
    <subfield code="h">Roskosz, M.</subfield>
    <subfield code="h">Jacob, D.</subfield>
    <subfield code="y">2009</subfield>
    <subfield code="s">Geochim.Cosmochim.Acta,73,767</subfield>
  </datafield>
  <datafield ind1="C" ind2="5" tag="999">
    <subfield code="o">20</subfield>
    <subfield code="d">journal</subfield>
    <subfield code="h">Mathis, J.S.</subfield>
    <subfield code="y">1990</subfield>
    <subfield code="s">Ann.Rev.Astron.Astrophys.,28,37</subfield>
  </datafield>
  <datafield ind1="C" ind2="5" tag="999">
    <subfield code="o">21</subfield>
    <subfield code="d">journal</subfield>
    <subfield code="h">McClure, M.</subfield>
    <subfield code="y">2009</subfield>
    <subfield code="s">Astrophys.J.,693,L81</subfield>
  </datafield>
  <datafield ind1="C" ind2="5" tag="999">
    <subfield code="o">22</subfield>
    <subfield code="d">journal</subfield>
    <subfield code="h">Millar, T.J.</subfield>
    <subfield code="h">Herbst, E.</subfield>
    <subfield code="y">1990</subfield>
    <subfield code="s">Astron.Astrophys.,231,466</subfield>
  </datafield>
  <datafield ind1="C" ind2="5" tag="999">
    <subfield code="o">23</subfield>
    <subfield code="d">journal</subfield>
    <subfield code="h">Min, M.</subfield>
    <subfield code="h">Waters, L.B.F.M.</subfield>
    <subfield code="h">de Koter, A.</subfield>
    <subfield code="y">2007</subfield>
    <subfield code="s">Astron.Astrophys.,462,667</subfield>
  </datafield>
  <datafield ind1="C" ind2="5" tag="999">
    <subfield code="o">24</subfield>
    <subfield code="d">journal</subfield>
    <subfield code="h">Nguyen, A.N.</subfield>
    <subfield code="h">Stadermann, F.J.</subfield>
    <subfield code="h">Zinner, E.</subfield>
    <subfield code="y">2007</subfield>
    <subfield code="s">Astrophys.J.,656,1223</subfield>
  </datafield>
  <datafield ind1="C" ind2="5" tag="999">
    <subfield code="o">25</subfield>
    <subfield code="d">journal</subfield>
    <subfield code="h">Ordal, M.A.</subfield>
    <subfield code="h">Bell, R.J.</subfield>
    <subfield code="h">Alexander, R.W.</subfield>
    <subfield code="h">Long, L.L.</subfield>
    <subfield code="h">Querry, M.R.</subfield>
    <subfield code="y">1985</subfield>
    <subfield code="s">Appl.Opt.,24,4493</subfield>
  </datafield>
  <datafield ind1="C" ind2="5" tag="999">
    <subfield code="o">26</subfield>
    <subfield code="d">journal</subfield>
    <subfield code="h">Ordal, M.A.</subfield>
    <subfield code="h">Bell, R.J.</subfield>
    <subfield code="h">Alexander, R.W.</subfield>
    <subfield code="h">Newquist, L.A.</subfield>
    <subfield code="h">Querry, M.R.</subfield>
    <subfield code="y">1988</subfield>
    <subfield code="s">Appl.Opt.,27,1203</subfield>
  </datafield>
  <datafield ind1="C" ind2="5" tag="999">
    <subfield code="o">28</subfield>
    <subfield code="d">journal</subfield>
    <subfield code="h">Pollack, J.B.</subfield>
    <subfield code="h">Hollenbach, D.</subfield>
    <subfield code="h">Beckwith, S.</subfield>
    <subfield code="y">1994</subfield>
    <subfield code="s">Astrophys.J.,421,615</subfield>
  </datafield>
  <datafield ind1="C" ind2="5" tag="999">
    <subfield code="o">29</subfield>
    <subfield code="d">journal</subfield>
    <subfield code="h">Purcell, E.M.</subfield>
    <subfield code="h">Pennypacker, C.R.</subfield>
    <subfield code="y">1973</subfield>
    <subfield code="s">Astrophys.J.,186,705</subfield>
  </datafield>
  <datafield ind1="C" ind2="5" tag="999">
    <subfield code="o">30</subfield>
    <subfield code="d">journal</subfield>
    <subfield code="h">Rieke, G.H.</subfield>
    <subfield code="h">Lebofsky, M.J.</subfield>
    <subfield code="y">1985</subfield>
    <subfield code="s">Astrophys.J.,288,618</subfield>
  </datafield>
  <datafield ind1="C" ind2="5" tag="999">
    <subfield code="o">31</subfield>
    <subfield code="d">journal</subfield>
    <subfield code="h">Roskosz, M.</subfield>
    <subfield code="h">Gillot, J.</subfield>
    <subfield code="h">Capet, F.</subfield>
    <subfield code="h">Roussel, P.</subfield>
    <subfield code="h">Leroux, H.</subfield>
    <subfield code="y">2011</subfield>
    <subfield code="s">Astron.Astrophys.,529,A111</subfield>
  </datafield>
  <datafield ind1="C" ind2="5" tag="999">
    <subfield code="o">32</subfield>
    <subfield code="d">journal</subfield>
    <subfield code="h">Savage, B.D.</subfield>
    <subfield code="h">Bohlin, R.C.</subfield>
    <subfield code="y">1979</subfield>
    <subfield code="s">Astrophys.J.,229,136</subfield>
  </datafield>
  <datafield ind1="C" ind2="5" tag="999">
    <subfield code="o">33</subfield>
    <subfield code="d">journal</subfield>
    <subfield code="h">Savage, B.D.</subfield>
    <subfield code="h">Mathis, J.S.</subfield>
    <subfield code="y">1979</subfield>
    <subfield code="s">Ann.Rev.Astron.Astrophys.,17,73</subfield>
  </datafield>
  <datafield ind1="C" ind2="5" tag="999">
    <subfield code="o">34</subfield>
    <subfield code="d">journal</subfield>
    <subfield code="h">Scott, A.</subfield>
    <subfield code="h">Duley, W.W.</subfield>
    <subfield code="y">1996</subfield>
    <subfield code="s">Astrophys.J.Suppl.,105,401</subfield>
  </datafield>
  <datafield ind1="C" ind2="5" tag="999">
    <subfield code="o">35</subfield>
    <subfield code="d">journal</subfield>
    <subfield code="h">Sofia, U.J.</subfield>
    <subfield code="h">Joseph, C.L.</subfield>
    <subfield code="y">1995</subfield>
    <subfield code="s">Bull.Am.Astron.Soc.,27,860</subfield>
  </datafield>
  <datafield ind1="C" ind2="5" tag="999">
    <subfield code="o">36</subfield>
    <subfield code="d">journal</subfield>
    <subfield code="h">Ueda, Y.</subfield>
    <subfield code="h">Mitsuda, K.</subfield>
    <subfield code="h">Murakami, H.</subfield>
    <subfield code="h">Matsushita, K.</subfield>
    <subfield code="y">2005</subfield>
    <subfield code="s">Astrophys.J.,620,274</subfield>
  </datafield>
  <datafield ind1="C" ind2="5" tag="999">
    <subfield code="o">37</subfield>
    <subfield code="d">journal</subfield>
    <subfield code="h">Xiang, J.</subfield>
    <subfield code="h">Lee, J.C.</subfield>
    <subfield code="h">Nowak, M.A.</subfield>
    <subfield code="h">Wilms, J.</subfield>
    <subfield code="y">2011</subfield>
    <subfield code="s">Astrophys.J.,738,78</subfield>
  </datafield>
  <datafield ind1="" ind2="" tag="100">
    <subfield code="a">Krause, Martin</subfield>
    <subfield code="v">Institut d’Astrophysique Spatiale (IAS), Université Paris-Sud &amp; CNRS , Bât. 121 , 91405 Orsay , France</subfield>
    <subfield code="v">Excellence Cluster Universe, Technische Universität München , Boltzmannstrasse 2 , 85748 Garching , Germany</subfield>
  </datafield>
  <datafield ind1="" ind2="" tag="700">
    <subfield code="a">Köhler, M.</subfield>
  </datafield>
  <datafield ind1="" ind2="" tag="700">
    <subfield code="a">Jones, A.</subfield>
  </datafield>
  <datafield ind1="" ind2="" tag="700">
    <subfield code="a">Ysard, N.</subfield>
  </datafield>
</record>
